%------------------Signals & Systems----------------%
% LABEL = SS
@BOOK{SS,
    AUTHOR={A. V. Oppenheim and A. S. Willsky},
    TITLE={Signals \& Systems},
    EDITION={2},
    PUBLISHER={Prentice-Hall},
    YEAR=1997
}
%---------------------------------------------------%-
